% Encoding: UTF-8

@Book{Brodlie92,
  title     = {Scientific Visualization Techniques and Applications},
  publisher = {{Springer-Verlag, Berlin}},
  year      = {1992},
  author    = {K. W. Brodlie et al},
}

@Book{BurgerGillies89,
  title     = {{Interactive Computer Graphics Functional, Procedural and Device-Level Methods}},
  publisher = {{Addison-Wesley Publishing Company, Reading, MA}},
  year      = {1989},
  author    = {P. Burger and D. Gillies},
}

@InBook{Chen93,
  pages     = {391-401},
  title     = {A Climate Simulation Case Study},
  publisher = {{IEEE Computer Society Press, Los Alamitos}},
  year      = {1993},
  author    = {P. C. Chen},
  booktitle = {Proceedings of Visualization ’93},
}

@Book{FoleyVanDam90,
  title     = {Computer Graphics Principles and Practice (2d Ed)},
  publisher = {{Addison-Wesley, Reading, MA}},
  year      = {1990},
  author    = {{J. D. Foley,  A. van Dam,  S. K. Feiner,  and J. F. Hughes}},
}

@Book{Gallagher95,
  title     = {Computer Visualization Graphics Techniques for Scientific and Engineering Analysis},
  publisher = {{CRC Press, Boca Raton, FL}},
  year      = {1995},
  editor    = {R. S. Gallagher},
}

@Book{Krestel90,
  title     = {Imaging Systems for Medical Diagnostics},
  publisher = {{Siemens-Aktienges, Munich}},
  year      = {1990},
  editor    = {E. Krestel},
}

@Book{InfoVis95,
  title     = {The First Information Visualization Symposium},
  publisher = {IEEE Computer Society Press},
  year      = {1995},
}

@Book{McCormick87,
  title     = {Visualization in Scientific Computing},
  publisher = {{Report of the NSF Advisory Panel on Graphics, Image Processing and Workstations}},
  year      = {1987},
  author    = {{B. H. McCormick, T. A. DeFanti, and M. D. Brown}},
}

@Manual{MDHMS,
  title        = {McDonnell Douglas Human Modeling System Reference Manual},
  organization = {{Mc-Donnell Douglas Corporation, Human Factors Technology}},
  edition      = {Version 2.1},
  month        = {July},
  year         = {1993},
  note         = {Report MDC 93K0281},
}

@Book{Nielson90,
  title     = {Visualization in Scientific Computing},
  publisher = {{IEEE Computer Society Press, Los Alamitos}},
  year      = {1990},
  editor    = {G. M. Nielson and B. Shriver},
}

@Periodical{NYTimes,
  title = {{The New York Times Business Day, Tuesday, May 2}},
  year  = {1990},
}

@Book{Patrikalakis91,
  title     = {Scientific Visualization of Physical Phenomena},
  publisher = {{Springer-Verlag, Berlin}},
  year      = {1991},
  editor    = {N. M. Patrikalakis},
}

@Book{Pavlidis82,
  title     = {Graphics and Image Processing},
  publisher = {{Computer Science Press, Rockville, MD}},
  year      = {1982},
  author    = {T. Pavlidis},
}

@Book{Rosenblum94,
  title     = {Scientific Visualization Advances and Challenges},
  publisher = {{Harcourt Brace \& Company, London}},
  year      = {1994},
  author    = {L. Rosenblum et al},
}

@Book{SmithRanallo89,
  title     = {A Non-Mathematical Approach to Basic MRI},
  publisher = {{Medical Physics Publishing Corporation, Madison, WI}},
  year      = {1989},
  author    = {H. J. Smith and F. N. Ranallo},
}

@Book{Tufte90,
  title     = {Envisioning Information},
  publisher = {Graphics Press, Cheshire, CT},
  year      = {1999},
  author    = {E. R. Tufte},
}

@Book{Tufte83,
  title     = {The Visual Display of Quantitative Information},
  publisher = {Graphics Press, Cheshire, CT},
  year      = {1999},
  author    = {E. R. Tufte},
}

@Book{UsersGuide,
  title     = {The VTK User’s Guide},
  publisher = {{Kitware, Inc. href{https://www.kitware.com}}},
  year      = {2006},
  editor    = {W. Schroeder},
}

@Book{Wolberg90,
  title     = {Digital Image Warping},
  publisher = {{IEEE Computer Society Press, Los Alamitos, CA}},
  year      = {1990},
  author    = {G. Wolberg},
}

@Book{Wolff93,
  title     = {Visualization of Natural Phenomena TELOS},
  publisher = {{Springer-Verlag, Santa Clara, CA}},
  year      = {1993},
  author    = {R. S. Wolff and L. Yaeger},
}

@InProceedings{Waters91,
  author    = {K. Waters and D. Terzopoulos},
  title     = {Modeling and Animating Faces Using Scanned Data},
  booktitle = {Visualization and Computer Animation},
  year      = {1991},
  number    = {2},
  pages     = {123-128},
}

@Article{Bresenham65,
  author  = {J. E. Bresenham},
  title   = {Algorithm for Computer Control of a Digital Plotter},
  journal = {IBM Systems Journal},
  year    = {1965},
  volume  = {4},
  number  = {1},
  pages   = {25-30},
  month   = jan,
}

@Book{Carlson85,
  title     = {Physiology of Behaviour (3d Edition)},
  publisher = {{Allyn and Bacon Inc., Newton, MA}},
  year      = {1985},
  author    = {N. R. Carlson},
}

@Article{Dartnall83,
  author  = {{H. J. A. Dartnall, J. K. Bowmaker, and J. D. Mollon}},
  title   = {Human Visual Pigments: Microspectrophotometric Results from the Eyes of Seven Persons.},
  journal = {{Proceedings of the Royal Society, London}},
  year    = {1983},
}

@Article{Fuchs80,
  author  = {{H. Fuchs, Z. M. Kedem, and B. F. Naylor}},
  title   = {On Visible Surface Generation By A Priori Tree Structure},
  journal = {Computer Graphics (SIGGRAPH '80)},
  year    = {1980},
  pages   = {124-133},
}

@Book{Gamma95,
  title     = {Design Patterns Elements of Reusable Object-Oriented Softwar},
  publisher = {Addison-Wesley},
  year      = {1995},
  author    = {{E. Gamma, R. Helm, R. Johnson, J. Vlissides}},
  isbn      = {ISBN0-201-63361-2},
}

@Book{Ousterhout94,
  title     = {Tcl and the Tk Toolkit},
  publisher = {{Addison-Wesley Publishing Company, Reading, MA}},
  year      = {1994},
  author    = {J. K.Ousterhout},
}

@Book{Watt93,
  title     = {3D Computer Graphics (2d Edition)},
  publisher = {{Addison-Wesley, Reading, MA}},
  year      = {1993},
  author    = {A. Watt},
}

@Article{Whitted80,
  author  = {T. Whitted},
  title   = {"An Improved Illumination Model for Shaded Display},
  journal = {Communications of the ACM},
  year    = {1980},
  volume  = {23},
  number  = {6},
  pages   = {343-349},
}

@Comment{jabref-meta: databaseType:bibtex;}
